@article{González-Olivares02092015,
	author = {Eduardo González-Olivares and Paulo C. Tintinago-Ruiz and Alejandro Rojas-Palma and},
	title = {A Leslie–Gower-type predator–prey model with sigmoid functional response},
	journal = {International Journal of Computer Mathematics},
	volume = {92},
	number = {9},
	pages = {1895--1909},
	year = {2015},
	publisher = {Taylor \& Francis},
	doi = {10.1080/00207160.2014.889818},
	URL = {https://doi.org/10.1080/00207160.2014.889818},
	eprint = {https://doi.org/10.1080/00207160.2014.889818}	
}

@book{hirsch2013,
	author    = {Morris W. Hirsch and Stephen Smale and Robert L. Devaney},
	title     = {Differential Equations, Dynamical Systems, and an Introduction to Chaos},
	publisher = {Academic Press},
	year      = {2013},
	edition   = {3rd},
	isbn      = {978-0123820105}
}

@book{khalil2002,
	author    = {Hassan K. Khalil},
	title     = {Nonlinear Systems},
	publisher = {Prentice Hall},
	year      = {2002},
	edition   = {3rd},
	isbn      = {978-0130673893}
}

@book{murray2002,
	author    = {James D. Murray},
	title     = {Mathematical Biology I: An Introduction},
	publisher = {Springer},
	year      = {2002},
	edition   = {3rd},
	isbn      = {978-0387952239}
}

@article{may1976,
	author  = {Robert M. May},
	title   = {Simple mathematical models with very complicated dynamics},
	journal = {Nature},
	year    = {1976},
	volume  = {261},
	pages   = {459--467},
	doi     = {10.1038/261459a0}
}

@book{guckenheimer1983,
	author    = {John Guckenheimer and Philip Holmes},
	title     = {Nonlinear Oscillations, Dynamical Systems, and Bifurcations of Vector Fields},
	publisher = {Springer},
	year      = {1983},
	isbn      = {978-0387908199}
}

@book{kuznetsov2004,
	author    = {Yuri A. Kuznetsov},
	title     = {Elements of Applied Bifurcation Theory},
	publisher = {Springer},
	year      = {2004},
	edition   = {3rd},
	isbn      = {978-0387219066}
}

@book{reyes2019,
	author    = {Ana Milena Reyes Lineros},
	title     = {Estudio cualitativo y algebraico de sistemas diferenciales},
	publisher = {Editorial Universidad del Atlántico},
	year      = {2019},
	address   = {Colombia}
}

@book{eafit2020,
	title     = {Sistemas dinámicos en contexto: Modelación matemática, simulación y control},
	publisher = {Editorial EAFIT},
	year      = {2020},
	address   = {Medellín, Colombia},
	note      = {\url{https://editorial.eafit.edu.co/index.php/editorial/catalog/book/706}}
}

@book{dumortier2006,
	author    = {Ren{\'e} Dumortier and Jaume Llibre and Joan C. Art{\'e}s},
	title     = {Qualitative Theory of Planar Differential Systems},
	publisher = {Springer},
	year      = {2006},
	isbn      = {978-3-540-32897-1}
}

@book{ilyashenko2008,
	author    = {Yulij Ilyashenko and Sergei Yakovenko},
	title     = {Lectures on Analytic Differential Equations},
	publisher = {Springer},
	year      = {2008},
	isbn      = {978-3-540-43183-1}
}

@book{munkres2000,
	author    = {James R. Munkres},
	title     = {Topology},
	publisher = {Prentice Hall},
	year      = {2000},
	edition   = {2nd},
	isbn      = {978-0131816299}
}

@book{strogatz2014,
	author    = {Steven H. Strogatz},
	title     = {Nonlinear Dynamics and Chaos: With Applications to Physics, Biology, Chemistry, and Engineering},
	publisher = {Westview Press},
	year      = {2014},
	edition   = {2nd},
	isbn      = {978-0813349107}
}

@book{hoffman1961linear,
	title={Linear Algebra},
	author={Kenneth Hoffman and Ray Kunze},
	year={1961},
	publisher={Prentice-Hall},
	edition={1st},
}
