@book{teschl2012,
	author    = {Gerald Teschl},
	title     = {Ordinary Differential Equations and Dynamical Systems},
	publisher = {Springer},
	year      = {2012},
	isbn      = {978-0-8218-8328-0}
}

@book{perko2001,
	author    = {Lawrence Perko},
	title     = {Differential Equations and Dynamical Systems},
	publisher = {Springer},
	year      = {2001},
	edition   = {3rd},
	isbn      = {978-0387951164}
}